<record><leader>00000cas a22000007a 4500</leader><controlfield tag="001">16798857</controlfield><controlfield tag="008">871002d19801988ohusr ne      0    0eng d</controlfield><datafield ind1=" " ind2=" " tag="010"><subfield code="a">sn 87076693 </subfield></datafield><datafield ind1=" " ind2=" " tag="040"><subfield code="a">ONP</subfield><subfield code="b">eng</subfield><subfield code="c">ONP</subfield><subfield code="d">OCLCQ</subfield></datafield><datafield ind1=" " ind2=" " tag="042"><subfield code="a">msc</subfield></datafield><datafield ind1="0" ind2="4" tag="245"><subfield code="a">The Community mirror.</subfield></datafield><datafield ind1=" " ind2=" " tag="260"><subfield code="a">Maumee, Ohio :</subfield><subfield code="b">Marlene J. McCarthy,</subfield><subfield code="c">1981-1988.</subfield></datafield><datafield ind1=" " ind2=" " tag="310"><subfield code="a">Semimonthly,</subfield><subfield code="b">Mar. 25, 1983-May 27, 1988</subfield></datafield><datafield ind1=" " ind2=" " tag="321"><subfield code="a">Monthly,</subfield><subfield code="b">May 1981-Mar. 1983</subfield></datafield><datafield ind1="0" ind2=" " tag="362"><subfield code="a">Vol. 1, no. 1 (Mar. 1, 1980)-v. 9, no. 10 (May 27, 1988).</subfield></datafield><datafield ind1=" " ind2=" " tag="752"><subfield code="a">United States</subfield><subfield code="b">Ohio</subfield><subfield code="c">Lucas</subfield><subfield code="d">Maumee.</subfield></datafield><datafield ind1="0" ind2="0" tag="780"><subfield code="t">Mirror (Maumee, Ohio : 1980)</subfield><subfield code="w">(DLC)sn 87076692</subfield></datafield><datafield ind1="0" ind2="0" tag="785"><subfield code="t">Mirror (Maumee, Ohio : 1988)</subfield><subfield code="w">(DLC)sn 89075024</subfield></datafield></record>